<collection xmlns="http://www.loc.gov/MARC21/slim">
<record>
  <leader>03275nam0a2200553 i 450 </leader>
  <controlfield tag="001">IT\ICCU\CNCE\053601</controlfield>
  <controlfield tag="005">20080305000000.0</controlfield>
  <datafield tag="012" ind1=" " ind2=" ">
    <subfield code="a">e.a- tou, s.is CrFl (3) 1574 (R)</subfield>
    <subfield code="2">fei</subfield>
  </datafield>
  <datafield tag="100" ind1=" " ind2=" ">
    <subfield code="a">20021203d1574        0itac0103    ba</subfield>
  </datafield>
  <datafield tag="101" ind1=" " ind2=" ">
    <subfield code="a">LAT</subfield>
  </datafield>
  <datafield tag="102" ind1=" " ind2=" ">
    <subfield code="a">IT</subfield>
  </datafield>
  <datafield tag="200" ind1="1" ind2=" ">
    <subfield code="a">℗Aurelii Prudentii Clementis viri consularis christiani antiquissimi poetae ℗Carmina. Prosperi Aquitani Epigrammata, Ioannis Damasceni, Cosmi Hierosolymitani, Marci episcopi Taluontis, Theophanes Opuscula</subfield>
  </datafield>
  <datafield tag="210" ind1=" " ind2=" ">
    <subfield code="a">Calari</subfield>
    <subfield code="c">excudebat Vincentius Sembeninus impressor Nicolai Canielles</subfield>
    <subfield code="d">1574</subfield>
  </datafield>
  <datafield tag="215" ind1=" " ind2=" ">
    <subfield code="a">\8!, 276 \i.e. 284! c.</subfield>
    <subfield code="d">8ʻ</subfield>
  </datafield>
  <datafield tag="620" ind1=" " ind2=" ">
    <subfield code="a">IT</subfield>
    <subfield code="d">Cagliari</subfield>
  </datafield>
  <datafield tag="700" ind1=" " ind2="1">
    <subfield code="a">Prudentius Clemens,</subfield>
    <subfield code="b">Aurelius</subfield>
    <subfield code="3">IT\ICCU\CNCA\016779</subfield>
  </datafield>
  <datafield tag="702" ind1=" " ind2="0">
    <subfield code="a">Cosmas</subfield>
    <subfield code="c"> : Hierosolymitanus</subfield>
    <subfield code="3">IT\ICCU\CNCA\016780</subfield>
  </datafield>
  <datafield tag="702" ind1=" " ind2="0">
    <subfield code="a">Marcus</subfield>
    <subfield code="c"> : Hidrontinus</subfield>
    <subfield code="3">IT\ICCU\CNCA\016781</subfield>
  </datafield>
  <datafield tag="702" ind1=" " ind2="0">
    <subfield code="a">Theophanes</subfield>
    <subfield code="c"> : Cerameus</subfield>
    <subfield code="3">IT\ICCU\CNCA\016782</subfield>
  </datafield>
  <datafield tag="702" ind1=" " ind2="0">
    <subfield code="a">Ioannes</subfield>
    <subfield code="c"> : Damascenus</subfield>
    <subfield code="c"> &lt;santo&gt;</subfield>
    <subfield code="3">IT\ICCU\CNCA\004373</subfield>
  </datafield>
  <datafield tag="702" ind1=" " ind2="0">
    <subfield code="a">Prosper</subfield>
    <subfield code="c"> : Aquitanus</subfield>
    <subfield code="c"> &lt;santo&gt;</subfield>
    <subfield code="3">IT\ICCU\CNCA\004390</subfield>
  </datafield>
  <datafield tag="712" ind1="0" ind2="0">
    <subfield code="a">Sembenino, Vincenzo</subfield>
    <subfield code="3">IT\ICCU\CNCT\000422</subfield>
    <subfield code="4">650</subfield>
  </datafield>
  <datafield tag="712" ind1="0" ind2="0">
    <subfield code="a"></subfield>
    <subfield code="3">IT\ICCU\CNCT\000480</subfield>
    <subfield code="4">650</subfield>
  </datafield>
  <datafield tag="790" ind1=" " ind2="1">
    <subfield code="a">Prudentius,</subfield>
    <subfield code="b">Aurelius Clemens</subfield>
    <subfield code="3">IT\ICCU\CNCA\017662</subfield>
    <subfield code="z">Prudentius Clemens, Aurelius</subfield>
  </datafield>
  <datafield tag="790" ind1=" " ind2="0">
    <subfield code="a">Cosmas</subfield>
    <subfield code="c"> : Hagiopolites</subfield>
    <subfield code="3">IT\ICCU\CNCA\017584</subfield>
    <subfield code="z">Cosmas : Hierosolymitanus</subfield>
  </datafield>
  <datafield tag="790" ind1=" " ind2="0">
    <subfield code="a">Cosma</subfield>
    <subfield code="c"> : di#Maiuma</subfield>
    <subfield code="3">IT\ICCU\CNCA\017585</subfield>
    <subfield code="z">Cosmas : Hierosolymitanus</subfield>
  </datafield>
  <datafield tag="790" ind1=" " ind2="0">
    <subfield code="a">Cosmas</subfield>
    <subfield code="c"> : Philogregorius</subfield>
    <subfield code="3">IT\ICCU\CNCA\017586</subfield>
    <subfield code="z">Cosmas : Hierosolymitanus</subfield>
  </datafield>
  <datafield tag="790" ind1=" " ind2="0">
    <subfield code="a">Cosma</subfield>
    <subfield code="c"> : di#Gerusalemme</subfield>
    <subfield code="3">IT\ICCU\CNCA\026041</subfield>
    <subfield code="z">Cosmas : Hierosolymitanus</subfield>
  </datafield>
  <datafield tag="790" ind1=" " ind2="0">
    <subfield code="a">Marco</subfield>
    <subfield code="c"> : da#Otranto</subfield>
    <subfield code="3">IT\ICCU\CNCA\021275</subfield>
    <subfield code="z">Marcus : Hidrontinus</subfield>
  </datafield>
  <datafield tag="790" ind1=" " ind2="0">
    <subfield code="a">Marcus</subfield>
    <subfield code="c"> &lt;sec. 8.&gt;</subfield>
    <subfield code="3">IT\ICCU\CNCA\021277</subfield>
    <subfield code="z">Marcus : Hidrontinus</subfield>
  </datafield>
  <datafield tag="790" ind1=" " ind2="0">
    <subfield code="a">Giovanni</subfield>
    <subfield code="c"> : Damasceno</subfield>
    <subfield code="c"> &lt;santo&gt;</subfield>
    <subfield code="3">IT\ICCU\CNCA\016209</subfield>
    <subfield code="z">Ioannes : Damascenus &lt;santo&gt;</subfield>
  </datafield>
  <datafield tag="790" ind1=" " ind2="0">
    <subfield code="a">Johannes</subfield>
    <subfield code="c"> : Damascenus</subfield>
    <subfield code="3">IT\ICCU\CNCA\026047</subfield>
    <subfield code="z">Ioannes : Damascenus &lt;santo&gt;</subfield>
  </datafield>
  <datafield tag="790" ind1=" " ind2="0">
    <subfield code="a">Joannes</subfield>
    <subfield code="c"> : Damascenus</subfield>
    <subfield code="3">IT\ICCU\CNCA\026048</subfield>
    <subfield code="z">Ioannes : Damascenus &lt;santo&gt;</subfield>
  </datafield>
  <datafield tag="790" ind1=" " ind2="0">
    <subfield code="a">Prospero</subfield>
    <subfield code="c"> : d&apos;#Aquitania</subfield>
    <subfield code="3">IT\ICCU\CNCA\018688</subfield>
    <subfield code="z">Prosper : Aquitanus &lt;santo&gt;</subfield>
  </datafield>
  <datafield tag="790" ind1=" " ind2="0">
    <subfield code="a">Prosperus</subfield>
    <subfield code="3">IT\ICCU\CNCA\018689</subfield>
    <subfield code="z">Prosper : Aquitanus &lt;santo&gt;</subfield>
  </datafield>
  <datafield tag="790" ind1=" " ind2="0">
    <subfield code="a">Prosperus</subfield>
    <subfield code="c"> : Aquitanicus</subfield>
    <subfield code="3">IT\ICCU\CNCA\018690</subfield>
    <subfield code="z">Prosper : Aquitanus &lt;santo&gt;</subfield>
  </datafield>
  <datafield tag="791" ind1="0" ind2="0">
    <subfield code="a">Symbeninus, Vincentius</subfield>
    <subfield code="3">IT\ICCU\CNCT\002883</subfield>
    <subfield code="z">Sembenino, Vincenzo</subfield>
  </datafield>
  <datafield tag="791" ind1="0" ind2="0">
    <subfield code="a">Sembeninus, Vincentius</subfield>
    <subfield code="3">IT\ICCU\CNCT\005646</subfield>
    <subfield code="z">Sembenino, Vincenzo</subfield>
  </datafield>
  <datafield tag="791" ind1="0" ind2="0">
    <subfield code="a">Canyellas, Nicolaus</subfield>
    <subfield code="3">IT\ICCU\CNCT\003133</subfield>
    <subfield code="z"></subfield>
  </datafield>
  <datafield tag="791" ind1="0" ind2="0">
    <subfield code="a">Cannyelles, Nicolaus</subfield>
    <subfield code="3">IT\ICCU\CNCT\003134</subfield>
    <subfield code="z"></subfield>
  </datafield>
  <datafield tag="791" ind1="0" ind2="0">
    <subfield code="a">Canellas, Nicolau</subfield>
    <subfield code="3">IT\ICCU\CNCT\004434</subfield>
    <subfield code="z"></subfield>
  </datafield>
  <datafield tag="801" ind1=" " ind2="3">
    <subfield code="a">IT</subfield>
    <subfield code="b">ICCU</subfield>
    <subfield code="c">20201115</subfield>
  </datafield>
  <datafield tag="899" ind1=" " ind2=" ">
    <subfield code="a">Biblioteca universitaria. Cagliari</subfield>
    <subfield code="1">CA0194</subfield>
    <subfield code="2">CAG UC</subfield>
  </datafield>
  <datafield tag="899" ind1=" " ind2=" ">
    <subfield code="a">Biblioteca comunale. Sarnano</subfield>
    <subfield code="1">MC0079</subfield>
    <subfield code="2">UMC BS</subfield>
  </datafield>
  <datafield tag="899" ind1=" " ind2=" ">
    <subfield code="a">Biblioteca Angelica. Roma</subfield>
    <subfield code="1">RM0290</subfield>
    <subfield code="2">RML 06</subfield>
  </datafield>
  <datafield tag="899" ind1=" " ind2=" ">
    <subfield code="a">Biblioteca universitaria. Sassari</subfield>
    <subfield code="1">SS0073</subfield>
    <subfield code="2">CAG US</subfield>
  </datafield>
  <datafield tag="899" ind1=" " ind2=" ">
    <subfield code="a">Biblioteca comunale. Trento</subfield>
    <subfield code="1">TN0121</subfield>
    <subfield code="2">ZTN 01</subfield>
  </datafield>
  <datafield tag="899" ind1=" " ind2=" ">
    <subfield code="a">Biblioteca del Seminario vescovile. Verona</subfield>
    <subfield code="1">VR0061</subfield>
    <subfield code="2">PBE 83</subfield>
  </datafield>
  <datafield tag="921" ind1=" " ind2=" ">
    <subfield code="a">IT\ICCU\CNCM\000551</subfield>
    <subfield code="b">Ape posata su un fiore. In cornice figurata.</subfield>
    <subfield code="e">Pasco ut prosim; Cm forti vigilo</subfield>
    <subfield code="c">V31</subfield>
    <subfield code="c">Z104</subfield>
    <subfield code="d">Dimensione: 4,6 x 5,4</subfield>
    <subfield code="f">APE</subfield>
    <subfield code="f">FIORE</subfield>
    <subfield code="f">PASCOUTPRO</subfield>
    <subfield code="g">1566-1580</subfield>
  </datafield>
</record>
</collection>
